http://www.mit.edu/~ilkery/papers/GibbsSampling.pdf
https://arxiv.org/pdf/1111.4246.pdf
% https://arxiv.org/pdf/1701.02434.pdf
